
@book{heatbook,
	title={传热学},
	author = {杨世铭，陶文铨},
	year = {2006},
	publisher = {高等教育出版社},
}
@article{airheat,
	title={消防服衣下空气层热传递机制研究进展},
	author = {苏云，王云仪，李俊},
	year = {2016},
	journal = {纺织学报},
	volume = {37},
	number = {1},
	pages = {167-172},
}
@article{torvi,
	title={Influence of air gaps on bench-top test results of flame resistant fabrics},
	author = {David A Torvi and J Douglas Dale and Bernie Faulkner},
	year = {1999},
	journal = {Journal of Fire Protection Engineering},
	volume = {10},
	number = {1},
	pages = {1-12},
	doi = {10.1177/104239159901000101},
}
@article{bsa,
	title={人体表面积的计算及地理因素的影响},
	author = {孟京京，曹平，吴超},
	year = {2013},
	journal = {人类工效学},
	volume = {19},
	number = {03},
	pages = {41-44},
}
